@misc{Morrill_2022a, 
title={Task 1.3 Data Labeling Plan}, 
url={https://docs.google.com/document/d/1k_6FrhVcSk4CkeIqATBv5f4e-AiThJEgKDVg8RZydeI/edit?usp=sharing}, 
author={Morrill, Todd}, 
year={2022}, 
month={Oct} }

@misc{Morrill_2022b, 
title={Circumplex Theory Data Annotation Instructions}, 
url={https://docs.google.com/document/d/1BHnwocKFCKPIXdu0ZZdoiNBSBsW-wYg3ubQjNe8EAkw/edit?usp=sharing}, 
author={Morrill, Todd}, 
year={2022}, 
month={Nov} }

@misc{DARPA_2021, 
title={Creating AI-Enabled Cultural Interpreters to Aid Defense Operations},
url={https://www.darpa.mil/news-events/2021-05-03a}, 
author={DARPA},
year={2021},
month={May} }

@misc{conneau2020unsupervised,
      title={Unsupervised Cross-lingual Representation Learning at Scale}, 
      author={Alexis Conneau and Kartikay Khandelwal and Naman Goyal and Vishrav Chaudhary and Guillaume Wenzek and Francisco Guzm√°n and Edouard Grave and Myle Ott and Luke Zettlemoyer and Veselin Stoyanov},
      year={2020},
      eprint={1911.02116},
      archivePrefix={arXiv},
      primaryClass={cs.CL}
}

@inproceedings{Schroff_2015,
	doi = {10.1109/cvpr.2015.7298682},
	url = {https://doi.org/10.1109%2Fcvpr.2015.7298682},
	year = 2015,
	month = {jun},
	publisher = {{IEEE}},
	author = {Florian Schroff and Dmitry Kalenichenko and James Philbin},
	title = {{FaceNet}: A unified embedding for face recognition and clustering},
	booktitle = {2015 {IEEE} Conference on Computer Vision and Pattern Recognition ({CVPR})}
}