@misc{Morrill_2022a, 
title={Task 1.3 Data Labeling Plan}, 
url={https://docs.google.com/document/d/1k_6FrhVcSk4CkeIqATBv5f4e-AiThJEgKDVg8RZydeI/edit?usp=sharing}, 
author={Morrill, Todd}, 
year={2022}, 
month={Oct} }

@misc{Morrill_2022b, 
title={Circumplex Theory Data Annotation Instructions}, 
url={https://docs.google.com/document/d/1BHnwocKFCKPIXdu0ZZdoiNBSBsW-wYg3ubQjNe8EAkw/edit?usp=sharing}, 
author={Morrill, Todd}, 
year={2022}, 
month={Nov} }

@misc{DARPA_2021, 
title={Creating AI-Enabled Cultural Interpreters to Aid Defense Operations},
url={https://www.darpa.mil/news-events/2021-05-03a}, 
author={DARPA},
year={2021},
month={May} }